@article{крючкова2020программирование,
	title={Программирование параллельных процессов},
	author={Крючкова, Елена Николаевна and Старолетов, Сергей Михайлович},
	year={2020}
}