@online{microsoft_rdtsc,
	author  = {Microsoft},
	title   = {RDTSC (Read Time-Stamp Counter)},
	url     = {https://learn.microsoft.com/ru-ru/cpp/intrinsics/rdtsc?view=msvc-170},
}

@article{cyberleninka_modifitsirovannyi_algoritm,
	author  = {М. В. Алдошин and А. Ю. Андросов and А. Ю. Бородащенко and Ю. Г. Зуева},
	title   = {Модифицированный алгоритм исправления ошибок в информационно-поисковых запросах},
	journal = {Известия Тульского государственного университета. Технические науки},
	year    = {2020},
	pages   = {5-8},
	url     = {https://cyberleninka.ru/article/n/modifitsirovannyy-algoritm-ispravleniya-oshibok-v-informatsionno-poiskovyh-zaprosah},
}

@book{levenstein_book,
	author      = {В. И. Левенштейн},
	title       = {Двоичные коды с исправлением выпадений, вставок и замещений символов},
	address     = {Москва},
	publisher   = {Доклады АН СССР},
	year        = {1965},
	volume      = {163},
	pages       = {845-848},
}
