@onlice{max,
	author  = {Максим Пелевин},
	title   = {Поиск подстроки в строке},
	url     = {https://markoutte.me/students/substring},
}

@article{солдатова2018основные,
	title={Основные алгоритмы поиска подстроки в строке},
	author={Солдатова, Галина Павловна and Татаринов, Алексей Алексеевич and Болдырихин, Николай Вячеславович},
	journal={Academy},
	number={5 (32)},
	pages={8--10},
	year={2018},
	publisher={ООО {\guillemotleft}Олимп{\guillemotright}}
}

@book{вирт2010алгоритмы,
	title={Алгоритмы и структуры данных. Учебное пособие},
	author={Вирт, Никлаус},
	year={2010},
	publisher={ДМК Пресс}
}

@article{алексеенко2010информационная,
	title={Информационная чувствительность алгоритма Кнута-Морриса-Пратта},
	author={Алексеенко, АС},
	journal={Задачи системного анализа, управления и обработки информации},
	pages={5},
	year={2010}
}

@online{steady,
	author  = {Microsoft},
	title   = {Структура steady\_clock},
	url     = {https://learn.microsoft.com/ru-ru/cpp/standard-library/steady-clock-struct?view=msvc-170}
}

@online{chrono,
	author  = {Microsoft},
	title   = {<chrono>},
	url     = {https://learn.microsoft.com/ru-ru/cpp/standard-library/chrono?view=msvc-170}
}

@article{богданов2004архитектуры,
	title={Архитектуры и топологии многопроцессорных вычислительных систем},
	author={Богданов, АВ and Корхов, ВВ and Мареев, ВВ and Станкова, ЕН},
	journal={М.: Интернет-университет информационных технологий},
	year={2004}
}
