@article{вашинко2018блинная,
	title={Блинная сортировка},
	author={Вашинко, АА},
	year={2018},
	publisher={БГТУ}
}

@article{сейдаметова2015педагогическая,
	title={Педагогическая таксономия алгоритмов сортировки вставками, выбором и разбиением},
	author={Сейдаметова, ЗС and Абдураманов, ЗШ and Адильшаева, ЭИ},
	journal={Ученые записки Крымского инженерно-педагогического университета},
	number={1},
	pages={127--132},
	year={2015},
	publisher={Государственное бюджетное образовательное учреждение высшего образования~…}
}

@article{прохоренко2021сравнительный,
	title={СРАВНИТЕЛЬНЫЙ АНАЛИЗ ВРЕМЕНИ ВЫПОЛНЕНИЯ СОРТИРОВКИ ПО АЛГОРИТМУ ШЕЛЛА, ГНОМЬЕЙ СОРТИРОВКИ И СОРТИРОВКИ ПЕРЕМЕШИВАНИЕМ},
	author={Прохоренко, Владимир Владимирович and Погорелов, Дмитрий Александрович and Кострицкий, Александр Сергеевич},
	journal={Инновационные аспекты развития науки и техники},
	number={8},
	pages={120--125},
	year={2021},
	publisher={Индивидуальный предприниматель Емельянов Николай Владимирович}
}


@online{microsoft_rdtsc,
	author  = {Microsoft},
	title   = {RDTSC (Read Time-Stamp Counter)},
	url     = {https://learn.microsoft.com/ru-ru/cpp/intrinsics/rdtsc?view=msvc-170},
}
