@onlice{max,
	author  = {Максим Пелевин},
	title   = {Поиск подстроки в строке},
	url     = {https://markoutte.me/students/substring},
}

@article{солдатова2018основные,
	title={Основные алгоритмы поиска подстроки в строке},
	author={Солдатова, Галина Павловна and Татаринов, Алексей Алексеевич and Болдырихин, Николай Вячеславович},
	journal={Academy},
	number={5 (32)},
	pages={8--10},
	year={2018},
	publisher={ООО {\guillemotleft}Олимп{\guillemotright}}
}

@book{вирт2010алгоритмы,
	title={Алгоритмы и структуры данных. Учебное пособие},
	author={Вирт, Никлаус},
	year={2010},
	publisher={ДМК Пресс}
}

@article{алексеенко2010информационная,
	title={Информационная чувствительность алгоритма Кнута-Морриса-Пратта},
	author={Алексеенко, АС},
	journal={Задачи системного анализа, управления и обработки информации},
	pages={5},
	year={2010}
}

@online{time,
	author  = {Python},
	title   = {time — Time access and conversions},
	url     = {https://docs.python.org/3/library/time},
}

@online{perf,
	author  = {Python},
	title   = {perf\_counter},
	url     = {https://docs.python.org/3/library/time.html#time.perf_counter},
}
