@article{меламед1989задача,
	title={Задача коммивояжера. Вопросы теории},
	author={Меламед, Игорь Ильич and Сергеев, С И and Сигал, Израиль Хаимович},
	journal={Автоматика и телемеханика},
	number={9},
	pages={3--33},
	year={1989},
	publisher={Российская академия наук, Отделение энергетики, машиностроения, механики и~…}
}

@article{штовба2003муравьиные,
	title={Муравьиные алгоритмы},
	author={Штовба, СД},
	journal={Exponenta Pro. Математика в приложениях},
	volume={4},
	number={4},
	pages={70--75},
	year={2003}
}

@online{time,
	author  = {Python},
	title   = {time — Time access and conversions},
	url     = {https://docs.python.org/3/library/time},
}

@online{perf,
	author  = {Python},
	title   = {perf\_counter},
	url     = {https://docs.python.org/3/library/time.html#time.perf_counter},
}
