@article{Виноград,
	author  = {Н. С. Анисимов and Ю. В. Строганов},
	title   = {Реализация алгоритма умножения матриц по Винограду
	на языке Haskell},
	journal = {Новые информационные технологии в автоматизированных системах},
	year    = {2018},
	pages   = {390-395},
	url     = {https://cyberleninka.ru/article/n/realizatsiya-algoritma-umnozheniya-matrits-po-vinogradu-na-yazyke-haskell},
}

@article{Штрассен,
	author  = {Н. Р. Лапина and М. Е. Булатникова},
	title   = {АЛГОРИТМ ШТРАССЕНА ДЛЯ УМНОЖЕНИЯ МАТРИЦ},
	journal = {МАТЕМАТИКА И ЕЕ ПРИЛОЖЕНИЯ В СОВРЕМЕННОЙ НАУКЕ И ПРАКТИКЕ},
	year    = {2014},
	pages   = {41-45},
	url     = {https://www.elibrary.ru/item.asp?id=23140890},
}


@online{Ultra-Fast,
	author  = {Kakaradov B.},
	title   = {Ultra-Fast Matrix Multiplication: An Empirical Analysis of Highly Optimized Vector Algorithms},
	year    = {2004},
	url     = {https://cs.stanford.edu/people/boyko/pubs/MatrixMult_SURJ_2004.pdf},
}

@online{microsoft_rdtsc,
	author  = {Microsoft},
	title   = {RDTSC (Read Time-Stamp Counter)},
	url     = {https://learn.microsoft.com/ru-ru/cpp/intrinsics/rdtsc?view=msvc-170},
}

@book{faddev,
	author      = {Фаддеев Д. К. and Фаддеева В. Н.},
	title       = {Вычислительные методы линейной алгебры},
	year        = {2009},
	pages = {7}
}